<?xml version="1.0" encoding="UTF-8"?><collection xmlns="http://www.loc.gov/MARC21/slim"><record><leader>00376nam--2200145-i-4500</leader><controlfield tag="001">000021077</controlfield><controlfield tag="002">20161230</controlfield><controlfield tag="005">20170122111627</controlfield><controlfield tag="008">060222s1000------------r-----000-0-eng-d</controlfield><datafield ind1=" " ind2=" " tag="100"><subfield code="a">Hurwitz, Adolf</subfield></datafield><datafield ind1=" " ind2=" " tag="245"><subfield code="a">Matematische werke. Band I: Funktionentheorie</subfield></datafield><datafield ind1=" " ind2=" " tag="260"><subfield code="a">Basel</subfield><subfield code="b">Birkhauser</subfield><subfield code="c">1932-1933</subfield></datafield><datafield ind1=" " ind2=" " tag="300"><subfield code="a">XXIV + 734 p</subfield></datafield><datafield ind1=" " ind2=" " tag="852"><subfield code="a">10531</subfield></datafield><datafield ind1=" " ind2=" " tag="CAT"><subfield code="a">SYS</subfield><subfield code="c">20170122</subfield><subfield code="h">111627</subfield></datafield></record></collection>